@article{olshausen1996emergence,
	title={Emergence of simple-cell receptive field properties by learning a sparse code for natural images},
	author={Olshausen, Bruno A and others},
	journal={Nature},
	volume={381},
	number={6583},
	pages={607--609},
	year={1996}
}

@inproceedings{bridle1990recnorm,
	title={RecNorm: Simultaneous Normalisation and Classification Applied to Speech Recognition.},
	author={Bridle, John S and Cox, Stephen},
	booktitle={NIPS},
	pages={234--240},
	year={1990}
}

@article{ben2010theory,
	title={A theory of learning from different domains},
	author={Ben-David, Shai and Blitzer, John and Crammer, Koby and Kulesza, Alex and Pereira, Fernando and Vaughan, Jennifer Wortman},
	journal={Machine learning},
	volume={79},
	number={1-2},
	pages={151--175},
	year={2010},
	publisher={Springer}
}

@article{crammer2008learning,
	title={Learning from multiple sources},
	author={Crammer, Koby and Kearns, Michael and Wortman, Jennifer},
	journal={Journal of Machine Learning Research},
	volume={9},
	number={Aug},
	pages={1757--1774},
	year={2008}
}

@article{wolpaw2000brain,
	title={Brain-computer interface technology: a review of the first international meeting},
	author={Wolpaw, Jonathan R and Birbaumer, Niels and Heetderks, William J and McFarland, Dennis J and Peckham, P Hunter and Schalk, Gerwin and Donchin, Emanuel and Quatrano, Louis A and Robinson, Charles J and Vaughan, Theresa M and others},
	journal={IEEE transactions on rehabilitation engineering},
	volume={8},
	number={2},
	pages={164--173},
	year={2000}
}

@article{wickelgren2003brain,
	title={Brain researchers try to salvage estrogen treatments},
	author={Wickelgren, Ingrid},
	journal={Science},
	volume={302},
	number={5648},
	pages={1138},
	year={2003},
	publisher={The American Association for the Advancement of Science}
}

@article{ganin2014unsupervised,
	title={Unsupervised domain adaptation by backpropagation},
	author={Ganin, Yaroslav and Lempitsky, Victor},
	journal={arXiv preprint arXiv:1409.7495},
	year={2014}
}

@inproceedings{zheng2014eeg,
	title={EEG-based emotion classification using deep belief networks},
	author={Zheng, Wei-Long and Zhu, Jia-Yi and Peng, Yong and Lu, Bao-Liang},
	booktitle={2014 IEEE International Conference on Multimedia and Expo (ICME)},
	pages={1--6},
	year={2014},
	organization={IEEE}
}

@article{jirayucharoensak2014eeg,
	title={EEG-based emotion recognition using deep learning network with principal component based covariate shift adaptation},
	author={Jirayucharoensak, Suwicha and Pan-Ngum, Setha and Israsena, Pasin},
	journal={The Scientific World Journal},
	volume={2014},
	year={2014},
	publisher={Hindawi Publishing Corporation}
}

@article{pan2011domain,
	title={Domain adaptation via transfer component analysis},
	author={Pan, Sinno Jialin and Tsang, Ivor W and Kwok, James T and Yang, Qiang},
	journal={IEEE Transactions on Neural Networks},
	volume={22},
	number={2},
	pages={199--210},
	year={2011},
	publisher={IEEE}
}

@inproceedings{glorot2011domain,
	title={Domain adaptation for large-scale sentiment classification: A deep learning approach},
	author={Glorot, Xavier and Bordes, Antoine and Bengio, Yoshua},
	booktitle={Proceedings of the 28th International Conference on Machine Learning (ICML-11)},
	pages={513--520},
	year={2011}
}

@article{bengio2009learning,
	title={Learning deep architectures for AI},
	author={Bengio, Yoshua},
	journal={Foundations and trends{\textregistered} in Machine Learning},
	volume={2},
	number={1},
	pages={1--127},
	year={2009},
	publisher={Now Publishers Inc.}
}

@article{liou2008modeling,
	title={Modeling word perception using the Elman network},
	author={Liou, Cheng-Yuan and Huang, Jau-Chi and Yang, Wen-Chie},
	journal={Neurocomputing},
	volume={71},
	number={16},
	pages={3150--3157},
	year={2008},
	publisher={Elsevier}
}

@article{kingma2013auto,
	title={Auto-encoding variational bayes},
	author={Kingma, Diederik P and Welling, Max},
	journal={arXiv preprint arXiv:1312.6114},
	year={2013}
}








@techreport{tr069,
  author       = {Jeff Bernstein, 2Wire Tim Spets, Westell},
  title        = {TECHNICAL REPORT 069 CPE WAN Management Protocol},
  institution  = {DSL Forum},
  year         = 2004,
  number       = 2,
  month        = 5
}

@book{homeautomation,
	Author ={Gerhart, James},
	title={Home Automation and Wiring},
	publisher={ McGraw-Hill Professional},
	month=3,
	year=1999,
	isbn = {0070246742}
}

@book{homeautomation1,
	Author ={Harper, Richard},
	title={Inside the Smart Home},
	publisher={Springer},
	month=8,
	year=2003,
	isbn = {1852336889}
}

@article{stiemerling2008nat,
  title={NAT and firewall traversal issues of host identity protocol HIP communication},
  author={Stiemerling, Martin},
  year={2008}
}

@article{rosenberg2003stun,
  title={STUN-Simple Traversal of UDP Through Network Address Translators},
  author={Rosenberg, Jonathan and Mahy, Rohan and Huitema, Christian and Weinberger, Joel},
  year={2003}
}

@article{alqahtaniipv4,
  title={IPv4 Address Exhaustion},
  author={Alqahtani, Mohammad}
}

@book{jeronimo2003upnp,
  title={UPnP design by example: a software developer's guide to universal plug and play},
  author={Jeronimo, Michael and Weast, Jack},
  year={2003},
  publisher={Intel Press}
}

@techreport{wing2013p,
  title={P. Selkirk," Port Control Protocol (PCP)},
  author={Wing, D and Cheshire, S and Boucadair, M and Penno, R},
  year={2013},
  institution={RFC 6887, April}
}

@misc{sherwin2009upnp,
  title={UPnP Specifications Named International Standard for Device Interoperability for IP-based Network Devices},
  author={Sherwin, Lisa},
  year={2009}
}

@article{srisuresh1999ip,
  title={IP network address translator (NAT) terminology and considerations},
  author={Srisuresh, Pyda and Holdrege, Matt},
  year={1999}
}
@inproceedings{hu2005nat,
  title={NAT traversal techniques and peer-to-peer applications},
  author={Hu, Zhou},
  booktitle={HUT T-110.551 Seminar on Internetworking},
  pages={04--26},
  year={2005},
  organization={Citeseer}
}

@article{rosenberg2008rfc,
  title={Rfc 5389: Session traversal utilities for nat (stun)},
  author={Rosenberg, J and Mahy, R and Matthews, P and Wing, D},
  journal={Internet Engineering Task Force},
  year={2008}
}

@inproceedings{fainelli2008openwrt,
  title={The OpenWrt embedded development framework},
  author={Fainelli, Florian},
  booktitle={Proceedings of the Free and Open Source Software Developers European Meeting},
  year={2008}
}

@article{petullo2010building,
  title={Building custom firmware with openwrt},
  author={Petullo, Mike},
  journal={Linux Journal},
  volume={2010},
  number={196},
  pages={3},
  year={2010},
  publisher={Belltown Media}
}

@article{benilde2010portrait,
  title={Portrait de France T{\'e}l{\'e}com en multinationale},
  author={B{\'e}nilde, Marie},
  journal={Mani{\`e}re de voir},
  volume={109},
  number={2},
  pages={86--86},
  year={2010},
  publisher={Le Monde diplomatique}
}

@book{bertolus2003qui,
  title={Qui a ruin{\'e} France T{\'e}l{\'e}com?},
  author={Bertolus, Jean-J{\'e}r{\^o}me and Cedro, Jean-Michel and Del Jesus, Thierry},
  year={2003},
  publisher={Hachette litt{\'e}ratures}
}

@article{jaffre2005afrique,
  title={En Afrique, construire les alternatives aux privatisations},
  author={Jaffr{\'e}, Bruno},
  journal={Benamrane Djilali, Jaffre Bruno et Verschave Fran{\c{c}}ois-Xavier (sous la dir. de.), Les t{\'e}l{\'e}communications entre bien public et marchandise, Paris: Charles-L{\'e}opold Mayer},
  year={2005}
}
